<mx:record xmlns="http://www.w3.org/TR/xhtml1/strict" xmlns:mx="http://www.loc.gov/MARC21/slim" xmlns:xsi="http://www.w3.org/2001/XMLSchema-instance"><mx:leader>00000nz   2200000n  0000</mx:leader><mx:controlfield tag="001">oca00951745 </mx:controlfield><mx:controlfield tag="005">19840322000000.0</mx:controlfield><mx:controlfield tag="008">821228n| acannaab|          |a aaa |||  </mx:controlfield><mx:datafield ind1=" " ind2=" " tag="010"><mx:subfield code="a">n  83069027</mx:subfield></mx:datafield><mx:datafield ind1=" " ind2=" " tag="040"><mx:subfield code="a">DLC</mx:subfield><mx:subfield code="c">DLC</mx:subfield></mx:datafield><mx:datafield ind1="1" ind2=" " tag="100"><mx:subfield code="a">Macer, Aemilius,</mx:subfield><mx:subfield code="d">d. 16 B.C.</mx:subfield></mx:datafield><mx:datafield ind1="0" ind2=" " tag="400"><mx:subfield code="a">Aemilius Macer,</mx:subfield><mx:subfield code="d">d. 16 B.C.</mx:subfield></mx:datafield><mx:datafield ind1=" " ind2=" " tag="670"><mx:subfield code="a">Dahlmann, H. Über Aemilius Macer, c1981 (subj.)</mx:subfield><mx:subfield code="b">t.p. (Aemilius Macer) p. 3 (Latin poet from Verona; d. in Asia, 2001, 16 B.C.)</mx:subfield></mx:datafield><mx:datafield ind1=" " ind2=" " tag="675"><mx:subfield code="a">Encycl. Brit.;</mx:subfield><mx:subfield code="a">Collier&amp;#039;s;</mx:subfield><mx:subfield code="a">Encycl. Amer.;</mx:subfield><mx:subfield code="a">Dict. of Ital. lit.;</mx:subfield><mx:subfield code="a">Pauly-Wissowa;</mx:subfield><mx:subfield code="a">Brockhaus.</mx:subfield></mx:datafield></mx:record>